@Book{dobek2007,
  title = {Statystyka matematyczna dla biologów},
  author = {A Dobek and T Szwaczkowski},
  publisher = {Wydawnictwo Akademii Rolniczej w Poznaniu},
  address = {Poznań},
  year = {2007},
  note = {},
}


@Manual{R,
title = {R: A Language and Environment for StatisticalComputing}, 
author = {{R Core Team}}, 
organization = {R Foundation for Statistical Computing}, 
address = {Vienna, Austria}, 
year = {2017}, 
note = {http://www.R-project.org}, }
 


@Manual{RStudio,
title = {RStudio: Integrated Development Environment for R}, 
author = {{RStudio Team}}, 
organization = {RStudio, Inc.}, 
address = {Boston, MA}, 
year = {2015}, 
note = {http://www.rstudio.com}, }

@Book{elandt1964,
  title = {Statystyka matematyczna w zastosowaniu do doświadczalnictwa rolniczego},
  author = {R Elandt},
  publisher = {PWN},
  address = {Warszawa},
  year = {1964},
  note = {},
  url = {},
}

@Book{gren1975,
  title = {Statystyka matematyczna. Modele i zadania.},
  author = {J Greń},
  publisher = {PWN},
  address = {Warszawa},
  year = {1975},
  note = {},
  url = {},
}

@Book{hanusz2006,
  title = {Statystyka matematyczna.},
  author = {Z Hanusz and J Tarasińska},
  publisher = {Wydawnictwo Akademii Rolniczej w Lublinie},
  address = {Lublin},
  year = {2006},
  note = {},
  url = {},
}

@Book{kala2005,
  title = {Statystyka dla przyrodników.},
  author = {R Kala},
  publisher = {Wydawnictwo Akademii Rolniczej w Poznaniu},
  address = {Poznań},
  year = {2005},
  note = {},
  url = {},
}
